@article{tmpRef,
  author  = {tmp},
  journal = {tmp},
  title   = {tmp},
  year    = {20XX},
  volume  = {X},
  number  = {X},
  pages   = {XXX-XXX}
}

@inproceedings{dvsgesture,
  title={A low power, fully event-based gesture recognition system},
  author={Amir, Arnon and Taba, Brian and Berg, David and Melano, Timothy and McKinstry, Jeffrey and Di Nolfo, Carmelo and Nayak, Tapan and Andreopoulos, Alexander and Garreau, Guillaume and Mendoza, Marcela and others},
  booktitle={Proceedings of the IEEE Conference on Computer Vision and Pattern Recognition},
  pages={7243--7252},
  year={2017}
}

@misc{dvs128fig,
  title = {DVS128},
  author = {{Inivation, Inc.}},
  year = {2019},
  url = {https://docs.inivation.com/_static/hardware_guides/dvs128.pdf},
  note = {Accessed: 2024-12-12}
}

% DVSGestureはSNNでよく使われてる
@inproceedings{massa2020efficient,
  title={An efficient spiking neural network for recognizing gestures with a dvs camera on the loihi neuromorphic processor},
  author={Massa, Riccardo and Marchisio, Alberto and Martina, Maurizio and Shafique, Muhammad},
  booktitle={2020 International Joint Conference on Neural Networks (IJCNN)},
  pages={1--9},
  year={2020},
  organization={IEEE}
}

$SNNのresnet
@article{msresnet,
  title={Advancing spiking neural networks toward deep residual learning},
  author={Hu, Yifan and Deng, Lei and Wu, Yujie and Yao, Man and Li, Guoqi},
  journal={IEEE Transactions on Neural Networks and Learning Systems},
  year={2024},
  publisher={IEEE}
}